@article{Wikipedia,
    title = "Ada Lovelace",
    url = {https://en.wikipedia.org/wiki/Ada_Lovelace},
    journal = "Wikipedia",
    year = "2019",
    month = "March"
}

@article{MentalFloss,
    title = "Ada Lovelace: The First Computer Programmer",
    url = {https://mentalfloss.com/article/53131/ada-lovelace-first-computer-programmer},
    journal = "MentalFloss",
    year = "2015",
    month = "October"
}

@article{famousscientists,
    title = "Ada Lovelace - Biography, Facts and Pictures",
    url = {https://www.famousscientists.org/ada-lovelace/},
    journal = "Famous Scientists",
    year = "2015",
    month = "January"
}

@article{biographydotcom,
    title = "Ada Lovelace - Life, Facts and Computer Program",
    url = {https://www.famousscientists.org/ada-lovelace/},
    journal = "Famous Scientists",
    year = "2015",
    month = "January"
}

@article{Toole,
    title = "Ada, the Enchantress of Numbers: Prophet of the Computer Age",
    journal = "Strawberry Press",
    year = "1998",
}

@article{AdaLovelaceBabbageEngine,
    title = "Ada Lovelace | Babbage Engine",
    url = {https://www.computerhistory.org/babbage/adalovelace/},
    journal = "The Babbage engine",
    year = "2008",
    month = "May"
}

@article{Phrenology,
    title = "Phrenology",
    url = {https://en.wikipedia.org/wiki/Phrenology},
    journal = "Wikipedia",
    year = "2019",
    month = "April"
}

@article{Mesmerism,
    title = "Animal magnetism",
    url = {https://en.wikipedia.org/wiki/Animal_magnetism},
    journal = "Wikipedia",
    year = "2019",
    month = "February"
}

@article{CalculusOfNervousSystem,
    title = "The Bride of Science: Romance, Reason, and Byron's Daughter",
    year = "1999",
    month = "February",
    publisher = "Macmillan"
}

@article{Enchantress,
    title = "Untangling the Tale of Ada Lovelace",
    url = {https://blog.stephenwolfram.com/2015/12/untangling-the-tale-of-ada-lovelace/},
    journal = "Stephen Wolfram Blog",
    year = "2015",
    month = "December"
}

@article{Sketch,
    title = "Sketch of The Analytical Engine Invented by Charles Babbage",
    url = {http://www.fourmilab.ch/babbage/sketch.html},
    journal = "Scientific Memoirs",
    year = "2008",
    month = "September"
}

@article{AlanTuring,
    title = "The Turing Test: Verbal Behavior as the Hallmark of Intelligence",
    url = {https://books.google.ro/books?id=CEMYUU_HFMAC&pg=PA67&redir_esc=y#v=onepage&q&f=false},
    year = "2004"
}

@article{Bug,
    title = "Software Bug",
    url = {https://en.wikipedia.org/wiki/Software_bug},
    journal = "Wikipedia",
    year = "2019",
    month = "May"
}

@article{AllanBromley,
    title = "Difference and Analytical Engines",
    url = {http://ed-thelen.org/comp-hist/CBC-Ch-02.pdf},
    journal = "Computing Before Computers",
    author = "Allan Bromley",
    year = "1990"
}

@article{AdaLang,
    title = "Ada (programming language)",
    url = {https://en.wikipedia.org/wiki/Ada_%28programming_language%29},
    journal = "Wikipedia",
    year = "2019",
    month = "April"
}

@article{AdaCollege,
    title = "New college in North London 'will boost women in tech sector'",
    url = {https://www.standard.co.uk/news/education/new-college-in-north-london-will-boost-women-in-tech-sector-a3200201.html},
    journal = "Evening Standard",
    year = "2016",
    month = "March"
}

@article{Editathon,
    title = "Edit-a-thon",
    url = {https://en.wikipedia.org/wiki/Edit-a-thon},
    journal = "Wikipedia",
    year = "2019",
    month = "May"
}

@article{OpenSource,
    title = "Open Source software movement",
    url = {https://en.wikipedia.org/wiki/Open-source-software_movement},
    journal = "Wikipedia",
    year = "2019",
    month = "May"
}

@article{TheInternet,
    title = "Tim Berners-Lee",
    url = {https://en.wikipedia.org/wiki/Tim_Berners-Lee},
    journal = "Wikipedia",
    year = "2019",
    month = "May"
}

